@online{arduino,
    title = {Arduino L.L.C.: Un po' di storia...},
    author = {{Arduino L.L.C.}},
    year = {s\adddot a \adddot},
    url = {http://playground.arduino.cc/Italiano/StoriaDiArduino}
}

@book{balboni,
    title = {Il pianeta mangiato. La guerra dell'agricoltura contro la terra.},
    author = {Mauro Balboni},
    year = {2017},
    publisher = {Dissensi},
    location = {Viareggio}
}

@article{beall2012,
    title = {Predatory publishers are corrupting open access.},
    author = {Jeffrey Beall},
    year = {2012},
    journaltitle = {Nature},
    volume = {489},
    number = {7415},
    pages = {179},
    doi = {10.1038/489179a}
}

@article{beall2013,
    author = {Jeffrey Beall},
    title = {Predatory publishing is just one of the consequences of gold open access},
    journal = {Learned Publishing},
    volume = {26},
    number = {2},
    pages = {79-84},
    doi = {10.1087/20130203},
    year = {2013}
}

@online{ensembl,
    title = {Disclaimer. EMBL-EBI},
    author = {Ensembl},
    urldate = {2019-06-20},
    url = {http://www.ensembl.org/info/about/legal/disclaimer.html}
}

@article{fuchs,
    author = {Fuchs, Christian and Sandoval, Marisol},
    year = {2013},
    month = {09},
    pages = {428-443},
    title = {The Diamond Model of Open Access Publishing: Why Policy Makers, Scholars, Universities, Libraries, Labour Unions and the Publishing World Need to Take Non-Commercial, Non-Profit Open Access Serious},
    volume = {11},
    journal = {TripleC},
    doi = {10.31269/vol11iss2pp428-443}
}

@online{ghosh,
    title = {Google's Vint Cerf warns of 'digital Dark Age'},
    year = {2015},
    author = {Pallab Ghosh},
    urldate = {2019-06-20},
    organization = {British Broadcasting Corporation},
    url = {http://www.bbc.com/news/science-environment-31450389}
}

@book{goldman,
    title = {Innovation Happens Elsewhere. Open Source as Business Strategy},
    author = {Goldman, Ron and Gabriel, Richard P.},
    year = {2005},
    publisher = {Elsevier},
    location = {Burlington}
}

@book{greco,
    title = {La risorsa infinita. Per una società democratica della conoscenza.},
    author = {Greco, Pietro and Silvestrini, Vittorio},
    year = {2009},
    publisher = {Editori Riuniti University Press},
    location = {Roma}
}

@article{himmelstein,
    title={Sci-Hub provides access to nearly all scholarly literature},
    author={Himmelstein, Daniel S and Romero, Ariel Rodriguez and Levernier, Jacob G and Munro, Thomas Anthony and McLaughlin, Stephen Reid and Tzovaras, Bastian Greshake and Greene, Casey S},
    journal={ELife},
    volume={7},
    pages={e32822},
    year={2018},
    publisher={eLife Sciences Publications Limited}
}

@article{jeon,
    ISSN = {15424766, 15424774},
    URL = {http://www.jstor.org/stable/40004964},
    abstract = {Site licensing of electronic journals has revolutionized the way academic information is distributed. However, many librarians are concerned about the possibility that commercial publishers might abuse site licensing by the practice of bundling. In this paper, we analyze how bundling affects journal pricing in the market of scientific, technical, and medical electronic journals and offer a novel insight on the bundling of a large number of information goods. We find that (i) when bundling is prohibited, surprisingly, industry concentration does not affect prices; (ii) when bundling is allowed, each publisher finds bundling profitable and bundling increases industry profits while reducing social welfare; and (iii) any merger among publishers already active in the market is profitable but reduces social welfare.},
    author = {Doh-Shin Jeon and Domenico Menicucci},
    journal = {Journal of the European Economic Association},
    number = {5},
    pages = {1038--1083},
    publisher = {Oxford University Press},
    title = {Bundling Electronic Journals and Competition Among Publishers},
    volume = {4},
    year = {2006}
}

@book{kuhn,
    title = {The structure of scientific revolutions.},
    author = {Kuhn, Thomas S. and Hacking, Ian},
    year = {2012},
    publisher = {University of Chicago},
    location = {Chicago, London},
    edition = {4}
}

@online{lahart,
    title = {Taking an Open-Source Approach to Hardware.},
    year = {2009},
    author = {Lahart, Justin},
    organization = {The Wall Street Journal},
    url = {https://www.wsj.com/articles/SB10001424052748703499404574559960271468066}
}

@article{lariviere,
    title={The oligopoly of academic publishers in the digital era},
    author={Lariviére, Vincent and Haustein, Stefanie and Mongeon, Philippe},
    journal={PloS one},
    volume={10},
    number={6},
    pages={e0127502},
    year={2015},
    publisher={Public Library of Science}
}

@online{lasse,
    title = {State of the IoT 2018: Number of IoT devices now at 7B - Market accelerating.},
    year = {2018},
    author = {Lasse, Lueth Knud},
    organization = {IoT Analythics},
    url = {https://iot-analytics.com/state-of-the-iot-update-q1-q2-2018-number-of-iot-devices-now-7b/}
}

@online{maci2012a,
    title = {Digital dark age, Allegrezza: "PA italiana a rischio amnesia".},
    year = {2012},
    urldate = {2019-06-20},
    author = {Maci, Luciana},
    organization = {Corriere delle Comunicazioni},
    url = {http://www.corrierecomunicazioni.it/it-world/18257_digital-dark-age-allegrezza-pa-italiana-a-rischio-amnesia.htm}
}

@online{maci2012b,
    title = {Digital dark age, il futuro è senza dati?},
    year = {2012},
    urldate = {2019-06-20},
    author = {Maci, Luciana},
    organization = {Corriere delle Comunicazioni},
    url = {http://www.corrierecomunicazioni.it/it-world/18256_digital-dark-age-il-futuro-e-senza-dati.htm}
}

@book{marx,
    title={Il Capitale},
    author={Marx, Karl},
    year={1965},
    publisher={Avanzini e Torraca Editori},
    editor = {Sbardella Eugenio},
    location = {Roma}
}

@book{pulselli,
    title={La soglia della sostenibilità. Ovvero quello che il Pil non dice},
    author={Pulselli, F.M.},
    isbn={9788860366603},
    year={2011},
    publisher={Donzelli}
}

@online{rossi,
    title = {A Genova il futuro del web e della scienza.},
    year = {2007},
    urldate = {2019-06-20},
    author = {Rossi, Marina},
    organization = {Corriere della Sera},
    url = {https://www.corriere.it/scienze/07_settembre_28/festival_scienza.shtml}
}

@book{schneider,
    title={The Internet - Illustrated},
    author={Schneider, G. and Evans, J. and Pinard, K.T.},
    isbn={9781111791438},
    url={https://books.google.it/books?id=XQg8AAAAQBAJ},
    year={2009},
    publisher={Cengage Learning},
    edition = {6}
}

@online{stallman,
    title = {Why Open Source misses the point of Free Software.},
    year = {2016},
    urldate = {2019-06-20},
    author = {Stallman, Richard},
    organization = {GNU Foundation},
    url = {http://www.gnu.org/philosophy/open-source-misses-the-point.en.html}
}

@online{stegman,
    title = {Open Source Stories. AI Revolutionaries.},
    year = {s.a\adddot},
    urldate = {2019-06-20},
    author = {Stegman, Casey},
    organization = {RedHat},
    url = {https://www.redhat.com/en/open-source-stories/ai-revolutionaries/origins-ai-open-source}
}

@online{stewart,
    title = {ARPANET. The First Internet.},
    year = {s\adddot a \adddot},
    urldate = {2019-06-20},
    author = {Stewart, William},
    url = {http://www.livinginternet.com/i/ii_arpanet.htm}
}

@article {suber,
	author = {Suber, Peter},
	title = {Ensuring open access for publicly funded research},
	volume = {345},
	elocation-id = {e5184},
	year = {2012},
	doi = {10.1136/bmj.e5184},
	publisher = {BMJ Publishing Group Ltd},
	journal = {BMJ}
}

@article{taylor,
    title = {It's Not Academic: How Publishers Are Squelching Science Communication},
    year = {2012},
    urldate = {2019-06-20},
    author = {Taylor, Mike},
    journaltitle = {Discover},
    number = {21},
    url = {http://blogs.discovermagazine.com/crux/2012/02/21/its-not-academic-how-publishers-are-squelching-science-communication/#.XRthqOgzZPY}
}

@article{vanNoorden,
    title = {Open access: The true cost of science publishing.},
    author = {van Noorden, Richard},
    year = {2013},
    volume = {495},
    issue = {7442},
    journaltitle = {Nature News},
    pages = {426}
}

@book{williams,
    title={Free as in Freedom: Richard Stallman's Crusade for Free Software},
    author={Williams, Sam},
    isbn={9781449323363},
    year={2002},
    publisher={O'Reilly Media},
    location = {Beijing}
}

@online{yeaton,
    title = {In a World Without Open Source.},
    year = {2013},
    author = {Yeaton, Tim},
    url = {https://www.wired.com/insights/2013/07/in-a-world-without-open-source/},
    organization = {Wired}
}

@online{zachte,
    title = {Wikipedia Statistics. Article count (official).},
    year = {2019},
    author = {Zachte, Erik},
    url = {https://stats.wikimedia.org/EN/TablesArticlesTotal.htm},
    organization = {Wikimedia Commons}
}